@article{SheardPeytonJones02,
author  = {Sheard, Tim and {Peyton Jones}, Simon},
isbn    = {1581134150},
issn    = {03621340},
journal = {ACM SIGPLAN Notices},
month   = dec,
number  = {12},
pages   = {60--75},
title   = {{Template meta-programming for Haskell}},
volume  = {37},
year    = {2002}
}

@inproceedings{MiniML86,
address   = {New York, USA},
author    = {Cl\'{e}ment, Dominique and Despeyroux, Thierry and Kahn, Gilles and Despeyroux, Jo\"{e}lle},
booktitle = {{Proceedings of the 1986 ACM Conference on LISP and Functional Programming}},
isbn      = {0897912004},
pages     = {13--27},
title     = {{A Simple Applicative Language: Mini-ML}},
month     = aug,
year      = {1986}
}

@article{Wand87,
author  = {Wand, Mitchell},
journal = {Fundamenta Informaticae},
pages   = {115--122},
title   = {{A Simple Algorithm and Proof for Type Inference}},
volume  = {10},
year    = {1987}
}

@article{Robinson65,
author  = {Robinson, John Alan},
issn    = {00045411},
journal = {Journal of the ACM},
month   = jan,
number  = {1},
pages   = {23--41},
title   = {{A Machine-Oriented Logic Based on the Resolution Principle}},
volume  = {12},
year    = {1965}
}

@phdthesis{Gast04,
author = {Gast, Holger},
pages  = {184},
school = {Eberhard-Karls-Universit\"{a}t T\"{u}bingen},
title  = {{A Generator for Type Checkers}},
type   = {PhD Thesis},
year   = {2004}
}

@inproceedings{DamasMilner82,
author    = {Damas, Luis and Milner, Robin},
booktitle = {{Proceedings of the 9th ACM SIGPLAN-SIGACT Symposium on Principles of Programming Languages}},
pages     = {207--212},
title     = {{Principal type-schemes for functional programs}},
month     = jan,
year      = {1982}
}

@book{Tapl,
author    = {Pierce, Benjamin C.},
edition   = {1st},
isbn      = {0-262-16209-1},
pages     = {1--645},
publisher = {The MIT Press},
title     = {{Types and Programming Languages}},
year      = {2002}
}

@article{FJ01,
author  = {Igarashi, Atsushi and Pierce, Benjamin C. and Wadler, Philip},
issn    = {01640925},
journal = {{ACM Transactions on Programming Languages and Systems}},
month   = may,
number  = {3},
pages   = {396--450},
title   = {{Featherweight Java: A Minimal Core Calculus for Java and GJ}},
volume  = {23},
year    = {2001}
}

@inproceedings{Lammel2003,
author    = {L\"{a}mmel, Ralf and {Peyton Jones}, Simon},
booktitle = {{Proceedings of the 2003 ACM SIGPLAN International Workshop on
              Types in Languages Design and Implementation (TLDI '03)}},
isbn      = {1581136498},
number    = {3},
pages     = {26--37},
title     = {{Scrap Your Boilerplate: A Practical Design Pattern for Generic Programming}},
volume    = {38},
year      = {2003}
}

@inproceedings{Mitchell2007,
address   = {Freiburg, Germany},
author    = {Mitchell, Neil and Runciman, Colin},
booktitle = {{Proceedings of the ACM SIGPLAN Haskell Workshop}},
isbn      = {9781595936745},
month     = sep,
pages     = {49--60},
title     = {{Uniform Boilerplate and List Processing}},
year      = {2007}
}

@phdthesis{RodriguezYakushev2009,
author = {{Rodriguez Yakushev}, Alexey Luis},
isbn   = {9789039350539},
school = {Utrecht University},
title  = {{Towards Getting Generic Programming Ready for Prime Time}},
type   = {PhD Thesis},
year   = {2009}
}

@inproceedings{Dijkstra2006,
address   = {Fuji-Susono, Japan},
author    = {Dijkstra, Atze and Swierstra, S. Doaitse},
booktitle = {{Functional and Logic Programming: 8th International Symposium (FLOPS 2006)}},
month     = apr,
pages     = {30--46},
publisher = {Springer-Verlag},
title     = {{Ruler: Programming type rules}},
volume    = {3945/2006},
year      = {2006}
}

@inproceedings{Hudak1998,
address   = {Victoria, BC , Canada},
author    = {Hudak, Paul},
booktitle = {{Proceedings of the Fifth International Conference on Software Reuse}},
pages     = {134--142},
title     = {{Modular Domain Specific Languages and Tools}},
year      = {1998}
}

@article{Levin2003,
author  = {Levin, Michael Y. and Pierce, Benjamin C.},
issn    = {0956-7968},
journal = {Journal of Functional Programming},
month   = mar,
number  = {02},
pages   = {295--316},
title   = {{TinkerType: A Language for Playing with Formal Systems}},
volume  = {13},
year    = {2003}
}

@article{TeitelbaumReps81,
author    = {Teitelbaum, Tim and Reps, Thomas},
doi       = {10.1145/358746.358755},
issn      = {00010782},
journal   = {{Communications of the ACM}},
month     = sep,
number    = {9},
pages     = {563--573},
publisher = {ACM New York, NY, USA},
title     = {{The Cornell Program Synthesizer: A Syntax-Directed Programming Environment}},
volume    = {24},
year      = {1981}
}

@article{BahlkeSnelting86,
author    = {Bahlke, Rolf and Snelting, Gregor},
doi       = {10.1145/6465.20890},
issn      = {01640925},
journal   = {{ACM Transactions on Programming Languages and Systems}},
month     = oct,
number    = {4},
pages     = {547--576},
publisher = {ACM},
title     = {{The PSG System: From Formal Language Definitions to Interactive Programming Environments}},
volume    = {8},
year      = {1986}
}

@book{RepsTeitelbaum89,
address   = {New York, NY, USA},
author    = {Reps, Thomas and Teitelbaum, Tim},
pages     = {318},
publisher = {Springer-Verlag},
title     = {{The Synthesizer Generator: A System for Constructing Language-Based Editors}},
year      = {1989}
}

@inproceedings{Borras88,
author    = {Borras, P. and Clement, Dominique and Despeyroux, Thierry},
booktitle = {{3rd ACM SIGSOFT/SIGPLAN Software Engineering Symposium on
              Practical Software Development Environments (SDE 3)}},
isbn      = {089791290X},
pages     = {14--24},
publisher = {ACM New York},
title     = {{Centaur: The System}},
year      = {1988}
}

@inproceedings{Pettersson1994,
address   = {Madrid, Spain},
author    = {Pettersson, Mikael},
booktitle = {{6th International Symposium on Programming Language
              Implementation and Logic Programming (PLILP '94)}},
month     = sep,
pages     = {117--131},
publisher = {Springer-Verlag},
title     = {{RML - A New Language and Implementation for Natural Semantics Mikael}},
year      = {1994}
}

@inproceedings{Fritzson98,
address   = {Reno, Nevada, USA},
author    = {Kagedal, David and Fritzson, Peter},
booktitle = {{Summer Computer Simulation Conference (SCSC '98)}},
number    = {Modelica},
title     = {{Generating a Modelica compiler from natural semantics specifications}},
year      = {1998}
}

@techreport{Glynn2001,
author      = {Glynn, Kevin and Stuckey, Peter J. and Sulzmann, Martin},
booktitle   = {Technical Report 2001/26},
institution = {Dept. of Computer Science and Software Engineering, Univerity of Melbourne},
title       = {{A General Type Class Framework}},
year        = {2001}
}

@article{Odersky1999,
author    = {Odersky, Martin and Sulzmann, Martin and Wehr, Martin},
journal   = {{Theory and Practice of Object Systems}},
number    = {1},
pages     = {35--55},
publisher = {Wiley Online Library},
title     = {{Type Inference with constrained Types}},
volume    = {5},
year      = {1999}
}

@phdthesis{Sulzmann2000,
author = {Sulzmann, Martin},
school = {Yale University},
title  = {{A General Framework for Hindley-Milner Type Systems with Constraints}},
type   = {Doctoral Dissertation},
year   = {2000}
}

@inproceedings{Heeren2003,
address   = {Cork, Ireland},
author    = {Heeren, Bastiaan and Hage, Jurriaan and Swierstra, S. Doaitse},
booktitle = {{Workshop Proceedings of Immediate Applications of Constraint Programming}},
pages     = {59--80},
title     = {{Constraint Based Type Inferencing in Helium}},
year      = {2003}
}

@inproceedings{Heeren2003a,
address   = {Uppsala, Sweden},
author    = {Heeren, Bastiaan and Hage, Jurriaan and Swierstra, S. Doaitse},
booktitle = {{8th ACM SIGPLAN International Conference on Functional Programming (ICFP '03)}},
isbn      = {1581137567},
issn      = {03621340},
month     = sep,
pages     = {3--13},
publisher = {ACM New York},
title     = {{Scripting the Type Inference Process}},
year      = {2003}
}

@phdthesis{Heeren2005,
author = {Heeren, Bastiaan},
isbn   = {9039340056},
school = {Universiteit Utrecht},
title  = {{Top Quality Type Error Messages}},
type   = {PhD Thesis},
month  = sep,
year   = {2005}
}

@inproceedings{Hage2005,
address   = {Budapest, Hungary},
author    = {Hage, Jurriaan and Heeren, Bastiaan},
booktitle = {{18th International Symposium on Implementation and
              Application of Functional Languages (IFL '06)}},
pages     = {199--216},
publisher = {Springer Berlin/Heidelberg},
title     = {{Heuristics for type error discovery and recovery}},
year      = {2005}
}

@article{Lee1998,
author  = {Lee, Oukseh and Yi, Kwangkeun},
issn    = {01640925},
journal = {{ACM Transactions on Programming Languages and Systems}},
month   = jul,
number  = {4},
pages   = {707--723},
title   = {{Proofs about a Folklore Let-Polymorphic Type Inference Algorithm}},
volume  = {20},
year    = {1998}
}

@book{Odersky2008,
author    = {Odersky, Martin and Spoon, Lex and Venners, Bill},
edition   = {1st},
isbn      = {9780981531618},
publisher = {Artima Press},
title     = {{Programming in Scala}},
year      = {2008}
}

@misc{Erwig2006,
author       = {Kollmansberger, Steve and Erwig, Martin},
howpublished = {Draft Paper},
title        = {{Haskell Rules: Embedding Rule Systems in Haskell}},
year         = {2006},
month        = jun
}

@misc{TypeCheckLib,
author = {{The Type Checker Library}},
title  = {\url{https://projects.uebb.tu-berlin.de/typechecklib/trac/}}
}

@misc{wxWidgets,
author = {{wxWidgets}},
title  = {\url{http://www.wxwidgets.org/}}
}

@misc{gtk,
author = {{GTK+}},
title  = {\url{http://www.gtk.org/}}
}

@misc{Kiama,
author = {{Kiama}},
title  = {\url{http://code.google.com/p/kiama/}}
}